@article{ref:Jambeck12_JPCB,
author = {Jämbeck, Joakim P. M. and Lyubartsev, Alexander P.},
title = {Derivation and Systematic Validation of a Refined All-Atom Force Field for Phosphatidylcholine Lipids},
journal = {The Journal of Physical Chemistry B},
volume = {116},
number = {10},
pages = {3164-3179},
year = {2012},
doi = {10.1021/jp212503e},

URL = {http://pubs.acs.org/doi/abs/10.1021/jp212503e},
eprint = {http://pubs.acs.org/doi/pdf/10.1021/jp212503e}
}

@article{ref:Hess08,
author = {Hess, Berk and Kutzner, Carsten and van der Spoel, David and Lindahl, Erik},
title = {GROMACS 4: Algorithms for Highly Efficient, Load-Balanced, and Scalable Molecular Simulation},
journal = {Journal of Chemical Theory and Computation},
volume = {4},
number = {3},
pages = {435-447},
year = {2008},
doi = {10.1021/ct700301q},

URL = {http://pubs.acs.org/doi/abs/10.1021/ct700301q},
eprint = {http://pubs.acs.org/doi/pdf/10.1021/ct700301q}
}

@article{ref:Jambeck12_JCTC,
author = {Jämbeck, Joakim P. M. and Lyubartsev, Alexander P.},
title = {An Extension and Further Validation of an All-Atomistic Force Field for Biological Membranes},
journal = {Journal of Chemical Theory and Computation},
volume = {8},
number = {8},
pages = {2938-2948},
year = {2012},
doi = {10.1021/ct300342n},

URL = {http://pubs.acs.org/doi/abs/10.1021/ct300342n},
eprint = {http://pubs.acs.org/doi/pdf/10.1021/ct300342n}
}

﻿@article{ref:Hornak06,
author = {Hornak, Viktor and Abel, Robert and Okur, Asim and Strockbine, Bentley and Roitberg, Adrian and Simmerling, Carlos},
title = {Comparison of multiple Amber force fields and development of improved protein backbone parameters},
journal = {Proteins: Structure, Function, and Bioinformatics},
volume = {65},
number = {3},
publisher = {Wiley Subscription Services, Inc., A Wiley Company},
issn = {1097-0134},
url = {http://dx.doi.org/10.1002/prot.21123},
doi = {10.1002/prot.21123},
pages = {712--725},
keywords = {trialanine, dihedral parameters, molecular dynamics, molecular mechanics, decoy analysis, NMR order parameters, α-helix},
year = {2006},
}

@article{ref:Kucerka10,
year={2010},
issn={0022-2631},
journal={Journal of Membrane Biology},
volume={235},
number={1},
doi={10.1007/s00232-010-9254-5},
title={Comparing Membrane Simulations to Scattering Experiments: Introducing the SIMtoEXP Software},
url={http://dx.doi.org/10.1007/s00232-010-9254-5},
publisher={Springer-Verlag},
keywords={MD simulation; X-ray scattering; Neutron scattering; Computer software},
author={Kučerka, Norbert and Katsaras, John and Nagle, JohnF.},
pages={43-50},
language={English},
}

﻿@article {ref:Fischer05,
author = {Fischer, Rainer and Fotin-Mleczek, Mariola and Hufnagel, Hansjörg and Brock, Roland},
title = {Break on through to the Other Side—Biophysics and Cell Biology Shed Light on Cell-Penetrating Peptides},
journal = {ChemBioChem},
volume = {6},
number = {12},
publisher = {WILEY-VCH Verlag},
issn = {1439-7633},
url = {http://dx.doi.org/10.1002/cbic.200500044},
doi = {10.1002/cbic.200500044},
pages = {2126--2142},
keywords = {cell-penetrating peptides, cellular uptake, endocytosis, peptides, protein transduction},
year = {2005},
}

@article {ref:Joliot04,
author = {Joliot, Alain and Prochiantz, Alain},
title = {Transduction peptides: from technology to physiology},
journal = {Nat Cell Biol},
year = {2004},
volume = {6},
number = {3},
publisher = {Nature Publishing Group},
issn = {1465-7392},
url = {http://dx.doi.org/10.1038/ncb0304-189},
}

@article{ref:Lindgren00,
title = "Cell-penetrating peptides ",
journal = "Trends in Pharmacological Sciences ",
volume = "21",
number = "3",
pages = "99 - 103",
year = "2000",
note = "",
issn = "0165-6147",
doi = "http://dx.doi.org/10.1016/S0165-6147(00)01447-4",
url = "http://www.sciencedirect.com/science/article/pii/S0165614700014474",
author = "Maria Lindgren and Mattias Hällbrink and Alain Prochiantz and Ülo Langel",
keywords = "Cell-penetrating peptide",
keywords = "Cellular uptake",
keywords = "Intracellular delivery "
}

@article{ref:Frankel88,
title = "Cellular uptake of the tat protein from human immunodeficiency virus ",
journal = "Cell ",
volume = "55",
number = "6",
pages = "1189 - 1193",
year = "1988",
note = "",
issn = "0092-8674",
doi = "http://dx.doi.org/10.1016/0092-8674(88)90263-2",
url = "http://www.sciencedirect.com/science/article/pii/0092867488902632",
author = "Alan D. Frankel and Carl O. Pabo"
}

@article{ref:Green88,
title = "Autonomous functional domains of chemically synthesized human immunodeficiency virus tat trans-activator protein ",
journal = "Cell ",
volume = "55",
number = "6",
pages = "1179 - 1188",
year = "1988",
note = "",
issn = "0092-8674",
doi = "http://dx.doi.org/10.1016/0092-8674(88)90262-0",
url = "http://www.sciencedirect.com/science/article/pii/0092867488902620",
author = "Maurice Green and Paul M. Loewenstein"
}

@article{ref:Vives97,
author = {Vivès, Eric and Brodin, Priscille and Lebleu, Bernard}, 
title = {A Truncated HIV-1 Tat Protein Basic Domain Rapidly Translocates through the Plasma Membrane and Accumulates in the Cell Nucleus},
volume = {272}, 
number = {25}, 
pages = {16010-16017}, 
year = {1997}, 
URL = {http://www.jbc.org/content/272/25/16010.abstract}, 
eprint = {http://www.jbc.org/content/272/25/16010.full.pdf+html}, 
journal = {Journal of Biological Chemistry} 
}

@article{ref:Ter-Avetisyan09,
author = {Ter-Avetisyan, Gohar and Tünnemann, Gisela and Nowak, Danny and Nitschke, Matthias and Herrmann, Andreas and Drab, Marek and Cardoso, M. Cristina}, 
title = {Cell Entry of Arginine-rich Peptides Is Independent of Endocytosis},
volume = {284}, 
number = {6}, 
pages = {3370-3378}, 
year = {2009}, 
doi = {10.1074/jbc.M805550200}, 
URL = {http://www.jbc.org/content/284/6/3370.abstract}, 
eprint = {http://www.jbc.org/content/284/6/3370.full.pdf+html}, 
journal = {Journal of Biological Chemistry} 
}

﻿@article {ref:Duchardt07,
author = {Duchardt, Falk and Fotin-Mleczek, Mariola and Schwarz, Heinz and Fischer, Rainer and Brock, Roland},
title = {A Comprehensive Model for the Cellular Uptake of Cationic Cell-penetrating Peptides},
journal = {Traffic},
volume = {8},
number = {7},
publisher = {Blackwell Publishing Ltd},
issn = {1600-0854},
url = {http://dx.doi.org/10.1111/j.1600-0854.2007.00572.x},
doi = {10.1111/j.1600-0854.2007.00572.x},
pages = {848--866},
keywords = {antennapedia homeodomain, cell-penetrating peptide, endocytosis, oligo-arginine, TAT},
year = {2007},
}

@article{ref:unnemann06,
author = {Tünnemann, Gisela and Martin, Robert M. and Haupt, Simone and Patsch, Christoph and Edenhofer, Frank and Cardoso, M. Cristina}, 
title = {Cargo-dependent mode of uptake and bioavailability of TAT-containing proteins and peptides in living cells},
volume = {20}, 
number = {11}, 
pages = {1775-1784}, 
year = {2006}, 
doi = {10.1096/fj.05-5523com}, 
URL = {http://www.fasebj.org/content/20/11/1775.abstract}, 
eprint = {http://www.fasebj.org/content/20/11/1775.full.pdf+html}, 
journal = {The FASEB Journal} 
}

@article{ref:Ziegler05,
author = {Ziegler, André and Nervi, Pierluigi and Dürrenberger, Markus and Seelig, Joachim},
title = {The Cationic Cell-Penetrating Peptide CPPTAT Derived from the HIV-1 Protein TAT Is Rapidly Transported into Living Fibroblasts:  Optical, Biophysical, and Metabolic Evidence†},
journal = {Biochemistry},
volume = {44},
number = {1},
pages = {138-148},
year = {2005},
doi = {10.1021/bi0491604},
note ={PMID: 15628854},
URL = {http://pubs.acs.org/doi/abs/10.1021/bi0491604},
eprint = {http://pubs.acs.org/doi/pdf/10.1021/bi0491604}
}
