@article{ref:Jambeck12_JPCB,
author = {Jämbeck, Joakim P. M. and Lyubartsev, Alexander P.},
title = {Derivation and Systematic Validation of a Refined All-Atom Force Field for Phosphatidylcholine Lipids},
journal = {The Journal of Physical Chemistry B},
volume = {116},
number = {10},
pages = {3164-3179},
year = {2012},
doi = {10.1021/jp212503e},

URL = {http://pubs.acs.org/doi/abs/10.1021/jp212503e},
eprint = {http://pubs.acs.org/doi/pdf/10.1021/jp212503e}
}

@article{ref:Hess08,
author = {Hess, Berk and Kutzner, Carsten and van der Spoel, David and Lindahl, Erik},
title = {GROMACS 4: Algorithms for Highly Efficient, Load-Balanced, and Scalable Molecular Simulation},
journal = {Journal of Chemical Theory and Computation},
volume = {4},
number = {3},
pages = {435-447},
year = {2008},
doi = {10.1021/ct700301q},

URL = {http://pubs.acs.org/doi/abs/10.1021/ct700301q},
eprint = {http://pubs.acs.org/doi/pdf/10.1021/ct700301q}
}

@article{ref:Jambeck12_JCTC,
author = {Jämbeck, Joakim P. M. and Lyubartsev, Alexander P.},
title = {An Extension and Further Validation of an All-Atomistic Force Field for Biological Membranes},
journal = {Journal of Chemical Theory and Computation},
volume = {8},
number = {8},
pages = {2938-2948},
year = {2012},
doi = {10.1021/ct300342n},

URL = {http://pubs.acs.org/doi/abs/10.1021/ct300342n},
eprint = {http://pubs.acs.org/doi/pdf/10.1021/ct300342n}
}

﻿@article{ref:Hornak06,
author = {Hornak, Viktor and Abel, Robert and Okur, Asim and Strockbine, Bentley and Roitberg, Adrian and Simmerling, Carlos},
title = {Comparison of multiple Amber force fields and development of improved protein backbone parameters},
journal = {Proteins: Structure, Function, and Bioinformatics},
volume = {65},
number = {3},
publisher = {Wiley Subscription Services, Inc., A Wiley Company},
issn = {1097-0134},
url = {http://dx.doi.org/10.1002/prot.21123},
doi = {10.1002/prot.21123},
pages = {712--725},
keywords = {trialanine, dihedral parameters, molecular dynamics, molecular mechanics, decoy analysis, NMR order parameters, α-helix},
year = {2006},
}

@article{ref:Kucerka10,
year={2010},
issn={0022-2631},
journal={Journal of Membrane Biology},
volume={235},
number={1},
doi={10.1007/s00232-010-9254-5},
title={Comparing Membrane Simulations to Scattering Experiments: Introducing the SIMtoEXP Software},
url={http://dx.doi.org/10.1007/s00232-010-9254-5},
publisher={Springer-Verlag},
keywords={MD simulation; X-ray scattering; Neutron scattering; Computer software},
author={Kučerka, Norbert and Katsaras, John and Nagle, JohnF.},
pages={43-50},
language={English},
}

@article{ref:Braun13,
author = {Braun, Anthony R. and Sachs, Jonathan N. and Nagle, John F.},
title = {Comparing Simulations of Lipid Bilayers to Scattering Data: The GROMOS 43A1-S3 Force Field},
journal = {The Journal of Physical Chemistry B},
volume = {117},
number = {17},
pages = {5065-5072},
year = {2013},
doi = {10.1021/jp401718k},
URL = {http://pubs.acs.org/doi/abs/10.1021/jp401718k},
eprint = {http://pubs.acs.org/doi/pdf/10.1021/jp401718k}
}

@article{ref:Kucerka08,
title = {Lipid Bilayer Structure Determined by the Simultaneous Analysis of Neutron and X-Ray Scattering Data},
journal = {Biophysical Journal},
volume = {95},
number = {5},
pages = {2356 - 2367},
year = {2008},
note = {},
issn = {0006-3495},
doi = {http://dx.doi.org/10.1529/biophysj.108.132662},
url = {http://www.sciencedirect.com/science/article/pii/S0006349508783838},
author = {Norbert Kučerka and John F. Nagle and Jonathan N. Sachs and Scott E. Feller and Jeremy Pencer and Andrew Jackson and John Katsaras}
}

@article{ref:Tristram-Nagle02,
title = {Structure of Gel Phase {DMPC} Determined by X-Ray Diffraction},
journal = {Biophysical Journal},
volume = {83},
number = {6},
pages = {3324 - 3335},
year = {2002},
note = {},
issn = {0006-3495},
doi = {http://dx.doi.org/10.1016/S0006-3495(02)75333-2},
url = {http://www.sciencedirect.com/science/article/pii/S0006349502753332},
author = {Stephanie Tristram-Nagle and Yufeng Liu and Justin Legleiter and John F. Nagle},
}


﻿@article {ref:Fischer05,
author = {Fischer, Rainer and Fotin-Mleczek, Mariola and Hufnagel, Hansjörg and Brock, Roland},
title = {Break on through to the Other Side—Biophysics and Cell Biology Shed Light on Cell-Penetrating Peptides},
journal = {ChemBioChem},
volume = {6},
number = {12},
publisher = {WILEY-VCH Verlag},
issn = {1439-7633},
url = {http://dx.doi.org/10.1002/cbic.200500044},
doi = {10.1002/cbic.200500044},
pages = {2126--2142},
keywords = {cell-penetrating peptides, cellular uptake, endocytosis, peptides, protein transduction},
year = {2005},
}

@article {ref:Joliot04,
author = {Joliot, Alain and Prochiantz, Alain},
title = {Transduction peptides: from technology to physiology},
journal = {Nat Cell Biol},
year = {2004},
volume = {6},
number = {3},
publisher = {Nature Publishing Group},
issn = {1465-7392},
url = {http://dx.doi.org/10.1038/ncb0304-189},
}

@article{ref:Lindgren00,
title = "Cell-penetrating peptides ",
journal = "Trends in Pharmacological Sciences ",
volume = "21",
number = "3",
pages = "99 - 103",
year = "2000",
note = "",
issn = "0165-6147",
doi = "http://dx.doi.org/10.1016/S0165-6147(00)01447-4",
url = "http://www.sciencedirect.com/science/article/pii/S0165614700014474",
author = "Maria Lindgren and Mattias Hällbrink and Alain Prochiantz and Ülo Langel",
keywords = "Cell-penetrating peptide",
keywords = "Cellular uptake",
keywords = "Intracellular delivery "
}

@article{ref:Frankel88,
title = "Cellular uptake of the tat protein from human immunodeficiency virus ",
journal = "Cell ",
volume = "55",
number = "6",
pages = "1189 - 1193",
year = "1988",
note = "",
issn = "0092-8674",
doi = "http://dx.doi.org/10.1016/0092-8674(88)90263-2",
url = "http://www.sciencedirect.com/science/article/pii/0092867488902632",
author = "Alan D. Frankel and Carl O. Pabo"
}

@article{ref:Green88,
title = "Autonomous functional domains of chemically synthesized human immunodeficiency virus tat trans-activator protein ",
journal = "Cell ",
volume = "55",
number = "6",
pages = "1179 - 1188",
year = "1988",
note = "",
issn = "0092-8674",
doi = "http://dx.doi.org/10.1016/0092-8674(88)90262-0",
url = "http://www.sciencedirect.com/science/article/pii/0092867488902620",
author = "Maurice Green and Paul M. Loewenstein"
}

@article{ref:Vives97,
author = {Vivès, Eric and Brodin, Priscille and Lebleu, Bernard}, 
title = {A Truncated HIV-1 Tat Protein Basic Domain Rapidly Translocates through the Plasma Membrane and Accumulates in the Cell Nucleus},
volume = {272}, 
number = {25}, 
pages = {16010-16017}, 
year = {1997}, 
URL = {http://www.jbc.org/content/272/25/16010.abstract}, 
eprint = {http://www.jbc.org/content/272/25/16010.full.pdf+html}, 
journal = {Journal of Biological Chemistry} 
}

@article{ref:Ter-Avetisyan09,
author = {Ter-Avetisyan, Gohar and Tünnemann, Gisela and Nowak, Danny and Nitschke, Matthias and Herrmann, Andreas and Drab, Marek and Cardoso, M. Cristina}, 
title = {Cell Entry of Arginine-rich Peptides Is Independent of Endocytosis},
volume = {284}, 
number = {6}, 
pages = {3370-3378}, 
year = {2009}, 
doi = {10.1074/jbc.M805550200}, 
URL = {http://www.jbc.org/content/284/6/3370.abstract}, 
eprint = {http://www.jbc.org/content/284/6/3370.full.pdf+html}, 
journal = {Journal of Biological Chemistry} 
}

﻿@article {ref:Duchardt07,
author = {Duchardt, Falk and Fotin-Mleczek, Mariola and Schwarz, Heinz and Fischer, Rainer and Brock, Roland},
title = {A Comprehensive Model for the Cellular Uptake of Cationic Cell-penetrating Peptides},
journal = {Traffic},
volume = {8},
number = {7},
publisher = {Blackwell Publishing Ltd},
issn = {1600-0854},
url = {http://dx.doi.org/10.1111/j.1600-0854.2007.00572.x},
doi = {10.1111/j.1600-0854.2007.00572.x},
pages = {848--866},
keywords = {antennapedia homeodomain, cell-penetrating peptide, endocytosis, oligo-arginine, TAT},
year = {2007},
}

@article{ref:unnemann06,
author = {Tünnemann, Gisela and Martin, Robert M. and Haupt, Simone and Patsch, Christoph and Edenhofer, Frank and Cardoso, M. Cristina}, 
title = {Cargo-dependent mode of uptake and bioavailability of TAT-containing proteins and peptides in living cells},
volume = {20}, 
number = {11}, 
pages = {1775-1784}, 
year = {2006}, 
doi = {10.1096/fj.05-5523com}, 
URL = {http://www.fasebj.org/content/20/11/1775.abstract}, 
eprint = {http://www.fasebj.org/content/20/11/1775.full.pdf+html}, 
journal = {The FASEB Journal} 
}

@article{ref:Ziegler05,
author = {Ziegler, André and Nervi, Pierluigi and Dürrenberger, Markus and Seelig, Joachim},
title = {The Cationic Cell-Penetrating Peptide CPPTAT Derived from the HIV-1 Protein TAT Is Rapidly Transported into Living Fibroblasts:  Optical, Biophysical, and Metabolic Evidence†},
journal = {Biochemistry},
volume = {44},
number = {1},
pages = {138-148},
year = {2005},
doi = {10.1021/bi0491604},
note ={PMID: 15628854},
URL = {http://pubs.acs.org/doi/abs/10.1021/bi0491604},
eprint = {http://pubs.acs.org/doi/pdf/10.1021/bi0491604}
}

@misc{ref:minuit2,
note = {\url{http://seal.web.cern.ch/seal/documents/minuit/mnusersguide.pdf}},
}

@misc{ref:minuit,
note = {\url{http://lcgapp.cern.ch/project/cls/work-packages/mathlibs/minuit/index.html}},
}

%%%%%%%%%%%%%%%%%%%%%%%%%%%%%%%%%%%%%%%%%%%%%%%%%%%%%%%%%%%%%%%%%%%%%%%%%%%%%%%
%%%%%%%%%%%%%%%%%%%%%%%% Below are ripple references %%%%%%%%%%%%%%%%%%%%%%%%%%
%%%%%%%%%%%%%%%%%%%%%%%%%%%%%%%%%%%%%%%%%%%%%%%%%%%%%%%%%%%%%%%%%%%%%%%%%%%%%%%
@article{ref:Hentschel91,
  title = {Structure of the Ripple Phase <span class="aps-inline-formula"><math><mrow><msub><mrow><mi mathvariant="normal">P</mi></mrow><mrow><mi mathvariant="normal">β</mi><mo>′</mo></mrow></msub></mrow></math></span> in Hydrated Phosphatidylcholine Multimembranes},
  author = {Hentschel, M. P. and Rustichelli, F.},
  journal = {Phys. Rev. Lett.},
  volume = {66},
  issue = {7},
  pages = {903--906},
  numpages = {0},
  year = {1991},
  month = {Feb},
  publisher = {American Physical Society},
  doi = {10.1103/PhysRevLett.66.903},
  url = {http://link.aps.org/doi/10.1103/PhysRevLett.66.903}
}

@article{ref:Sengupta03,
  title = {Structure of the ripple phase of phospholipid multibilayers},
  author = {Sengupta, Kheya and Raghunathan, V. A. and Katsaras, John},
  journal = {Phys. Rev. E},
  volume = {68},
  issue = {3},
  pages = {031710},
  numpages = {12},
  year = {2003},
  month = {Sep},
  publisher = {American Physical Society},
  doi = {10.1103/PhysRevE.68.031710},
  url = {http://link.aps.org/doi/10.1103/PhysRevE.68.031710}
}

@article{ref:Katsaras95,
  title = {Molecular Chirality and the “Ripple” Phase of Phosphatidylcholine Multibilayers},
  author = {Katsaras, J. and Raghunathan, V. A.},
  journal = {Phys. Rev. Lett.},
  volume = {74},
  issue = {11},
  pages = {2022--2025},
  numpages = {0},
  year = {1995},
  month = {Mar},
  publisher = {American Physical Society},
  doi = {10.1103/PhysRevLett.74.2022},
  url = {http://link.aps.org/doi/10.1103/PhysRevLett.74.2022}
}

@article{ref:Wiener89,
title = "Structure of the fully hydrated gel phase of dipalmitoylphosphatidylcholine ",
journal = "Biophysical Journal ",
volume = "55",
number = "2",
pages = "315 - 325",
year = "1989",
note = "",
issn = "0006-3495",
doi = "http://dx.doi.org/10.1016/S0006-3495(89)82807-3",
url = "http://www.sciencedirect.com/science/article/pii/S0006349589828073",
author = "M.C. Wiener and R.M. Suter and J.F. Nagle"
}

@article{ref:deVries05,
author = {de Vries, Alex H. and Yefimov, Serge and Mark, Alan E. and Marrink, Siewert J.}, 
title = {Molecular structure of the lecithin ripple phase},
volume = {102}, 
number = {15}, 
pages = {5392-5396}, 
year = {2005}, 
doi = {10.1073/pnas.0408249102}, 
abstract ={Molecular dynamics simulations of lecithin lipid bilayers in water as they are cooled from the liquid crystalline phase show the spontaneous formation of rippled bilayers. The ripple consists of two domains of different length and orientation, connected by a kink. The organization of the lipids in one domain of the ripple is found to be that of a splayed gel; in the other domain the lipids are gel-like and fully interdigitated. In the concave part of the kink region between the domains the lipids are disordered. The results are consistent with the experimental information available and provide an atomic-level model that may be tested by further experiments.}, 
URL = {http://www.pnas.org/content/102/15/5392.abstract}, 
eprint = {http://www.pnas.org/content/102/15/5392.full.pdf+html}, 
journal = {Proceedings of the National Academy of Sciences of the United States of America} 
}

@misc{ref:cxro,
note = {\url{http://henke.lbl.gov/optical\_constants}},
}

@article{ref:Rappolt96,
year={1996},
issn={0175-7571},
journal={European Biophysics Journal},
volume={24},
number={6},
doi={10.1007/BF00576710},
title={Structure of the stable and metastable ripple phase of dipalmitoylphosphatidylcholine},
url={http://dx.doi.org/10.1007/BF00576710},
publisher={Springer-Verlag},
keywords={X-ray diffraction; Ripple phase; Lecithin; Martensitic transformation; Membrane},
author={Rappolt, Michael and Rapp, Gert},
pages={381-386},
language={English}
}

@article{ref:Janiak76,
author = {Janiak, Martin J. and Small, Donald M. and Shipley, G. Graham},
title = {Nature of the thermal pretransition of synthetic phospholipids: dimyristoyl- and dipalmitoyllecithin},
journal = {Biochemistry},
volume = {15},
number = {21},
pages = {4575-4580},
year = {1976},
doi = {10.1021/bi00666a005},

URL = {http://pubs.acs.org/doi/abs/10.1021/bi00666a005},
eprint = {http://pubs.acs.org/doi/pdf/10.1021/bi00666a005}
}

@article{ref:Katsaras95,
  title = {Molecular Chirality and the ``Ripple'' Phase of Phosphatidylcholine Multibilayers},
  author = {Katsaras, J. and Raghunathan, V. A.},
  journal = {Phys. Rev. Lett.},
  volume = {74},
  issue = {11},
  pages = {2022--2025},
  numpages = {0},
  year = {1995},
  month = {Mar},
  publisher = {American Physical Society},
  doi = {10.1103/PhysRevLett.74.2022},
  url = {http://link.aps.org/doi/10.1103/PhysRevLett.74.2022}
}

@article{ref:Lenz07,
  title = {Structure of Symmetric and Asymmetric ``Ripple'' Phases in Lipid Bilayers},
  author = {Lenz, Olaf and Schmid, Friederike},
  journal = {Phys. Rev. Lett.},
  volume = {98},
  issue = {5},
  pages = {058104},
  numpages = {4},
  year = {2007},
  month = {Jan},
  publisher = {American Physical Society},
  doi = {10.1103/PhysRevLett.98.058104},
  url = {http://link.aps.org/doi/10.1103/PhysRevLett.98.058104}
}

@article{ref:Doniach79,
   author = "Doniach, S.",
   title = "A thermodynamic model for the monoclinic (ripple) phase of hydrated phospholipid bilayers",
   journal = "The Journal of Chemical Physics",
   year = "1979",
   volume = "70",
   number = "10", 
   eid = "",
   pages = "4587-4596",
   url = "http://scitation.aip.org/content/aip/journal/jcp/70/10/10.1063/1.437292",
   doi = "http://dx.doi.org/10.1063/1.437292" 
}

@article{ref:Rappolt00,
year={2000},
issn={0175-7571},
journal={European Biophysics Journal},
volume={29},
number={2},
doi={10.1007/s002490050257},
title={New evidence for gel-liquid crystalline phase coexistence in the ripple phase of phosphatidylcholines},
url={http://dx.doi.org/10.1007/s002490050257},
publisher={Springer-Verlag},
keywords={Key words Phosphatidylcholine; Temperature jump; Small-angle X-ray scattering; Wide-angle X-ray scattering; Sodium chloride},
author={Rappolt, Michael and Pabst, Georg and Rapp, Gert and Kriechbaum, Manfred and Amenitsch, Heinz and Krenn, Christian and Bernstorff, Sigrid and Laggner, Peter},
pages={125-133},
language={English}
}

@article{ref:Dahbi06,
title = "A long ripple phase in DLPC–decylglucoside mixture evidenced by synchrotron \{SAXS\} coupled to \{DSC\} ",
journal = "Chemistry and Physics of Lipids ",
volume = "139",
number = "1",
pages = "43 - 53",
year = "2006",
note = "",
issn = "0009-3084",
doi = "http://dx.doi.org/10.1016/j.chemphyslip.2005.10.002",
url = "http://www.sciencedirect.com/science/article/pii/S0009308405001477",
author = "Louisa Dahbi and Michal Arbel-Haddad and Pierre Lesieur and Claudie Bourgaux and Michel Ollivon",
keywords = "Phosphatidylcholine",
keywords = "Alkylglucoside",
keywords = "Detergent",
keywords = "Micelle–vesicle transition",
keywords = "Calorimetry",
keywords = "X-ray diffraction ",
}

@article{ref:Bernchou11,
title = "Correlation between the ripple phase and stripe domains in membranes ",
journal = "Biochimica et Biophysica Acta (BBA) - Biomembranes ",
volume = "1808",
number = "12",
pages = "2849 - 2858",
year = "2011",
note = "",
issn = "0005-2736",
doi = "http://dx.doi.org/10.1016/j.bbamem.2011.08.023",
url = "http://www.sciencedirect.com/science/article/pii/S0005273611002859",
author = "Uffe Bernchou and Henrik Midtiby and John Hjort Ipsen and Adam Cohen Simonsen",
keywords = "Supported lipid bilayer",
keywords = "Ripple phase",
keywords = "Stripe phase",
keywords = "Solid phase",
keywords = "\{AFM\}",
keywords = "Fluorescence microscopy ",
}

@article{ref:Kiselev06,
year={2006},
issn={0175-7571},
journal={European Biophysics Journal},
volume={35},
number={6},
doi={10.1007/s00249-006-0055-9},
title={What can we learn about the lipid vesicle structure from the small-angle neutron scattering experiment?},
url={http://dx.doi.org/10.1007/s00249-006-0055-9},
publisher={Springer-Verlag},
keywords={Phospholipids; Lipid membrane; Vesicles; Small-angle neutron scattering},
author={Kiselev, M.A. and Zemlyanaya, E.V. and Aswal, V.K. and Neubert, R.H.H.},
pages={477-493},
language={English}
}

@article{ref:Riske09,
title = "Lipid bilayer pre-transition as the beginning of the melting process ",
journal = "Biochimica et Biophysica Acta (BBA) - Biomembranes ",
volume = "1788",
number = "5",
pages = "954 - 963",
year = "2009",
note = "",
issn = "0005-2736",
doi = "http://dx.doi.org/10.1016/j.bbamem.2009.01.007",
url = "http://www.sciencedirect.com/science/article/pii/S000527360900011X",
author = "Karin A. Riske and Rafael P. Barroso and Cíntia C. Vequi-Suplicy and Renato Germano and Vera B. Henriques and M. Teresa Lamy",
keywords = "Ripple phase",
keywords = "\{DSC\}",
keywords = "\{ESR\}",
keywords = "Laurdan fluorescence",
keywords = "Statistical model",
keywords = "Monte Carlo simulations ",
}
