@article{Akabori14,
author = {Akabori, Kiyotaka and Nagle, John F.},
title = {Comparing Lipid Membranes in Different Environments},
journal = {ACS Nano},
volume = {8},
number = {4},
pages = {3123-3127},
year = {2014},
doi = {10.1021/nn501499t},

URL = {http://pubs.acs.org/doi/abs/10.1021/nn501499t},
eprint = {http://pubs.acs.org/doi/pdf/10.1021/nn501499t}
}

% AFM. Show that stripe domains consist of both symmetric and asymmetric ripples.
% Good introduction, summarize MD results well. Interesting, but otherwise, 
% not useful paper.
@article{Bernchou11,
title = "Correlation between the ripple phase and stripe domains in membranes ",
journal = "Biochimica et Biophysica Acta (BBA) - Biomembranes ",
volume = "1808",
number = "12",
pages = "2849 - 2858",
year = "2011",
note = "",
issn = "0005-2736",
doi = "http://dx.doi.org/10.1016/j.bbamem.2011.08.023",
url = "http://www.sciencedirect.com/science/article/pii/S0005273611002859",
author = "Uffe Bernchou and Henrik Midtiby and John Hjort Ipsen and Adam Cohen Simonsen",
keywords = "Supported lipid bilayer",
keywords = "Ripple phase",
keywords = "Stripe phase",
keywords = "Solid phase",
keywords = "\{AFM\}",
keywords = "Fluorescence microscopy ",
}

@article{Bradshaw89,
  title={Observation of rippled dioleoylphosphatidylcholine bilayers by neutron diffraction},
  author={Bradshaw, Jeremy P and Edenborough, Michael S and Sizer, Philip JH and Watts, Anthony},
  journal={Biochimica et Biophysica Acta (BBA)-Biomembranes},
  volume={987},
  number={1},
  pages={111--114},
  year={1989},
  publisher={Elsevier}
}

@article{Carlson87,
  title={Theory of the ripple phase in hydrated phospholipid bilayers},
  author={Carlson, J M and Sethna, J P},
  journal={Physical Review A},
  volume={36},
  number={7},
  pages={3359},
  year={1987},
  publisher={APS}
}

@article{Cevc91,
  title={Polymorphism of the bilayer membranes in the ordered phase and the molecular origin of the lipid pretransition and rippled lamellae},
  author={Cevc, Gregor},
  journal={Biochimica et Biophysica Acta (BBA)-Biomembranes},
  volume={1062},
  number={1},
  pages={59--69},
  year={1991},
  publisher={Elsevier}
}

@article{Chapman67,
  title={Physical studies of phospholipids. VI. Thermotropic and lyotropic mesomorphism of some 1, 2-diacyl-phosphatidylcholines (lecithins)},
  author={Chapman, D and Williams, R M and Ladbrooke, B D},
  journal={Chemistry and Physics of Lipids},
  volume={1},
  number={5},
  pages={445--475},
  year={1967},
  publisher={Elsevier}
}

%Theory paper. READ IT.
@article{Chen95,
  title={Phase transitions and modulated phases in lipid bilayers},
  author={Chen, C M and Lubensky, T C and MacKintosh, F C},
  journal={Physical Review E},
  volume={51},
  number={1},
  pages={504},
  year={1995},
  publisher={APS}
}

@article{Chernomordik03,
  title={Protein-lipid interplay in fusion and fission of biological membranes},
  author={Chernomordik, Leonid V and Kozlov, Michael M},
  journal={Annual review of biochemistry},
  volume={72},
  number={1},
  pages={175--207},
  year={2003},
  publisher={Annual Reviews 4139 El Camino Way, PO Box 10139, Palo Alto, CA 94303-0139, USA}
}

% AFM. Review article. READ IT
@article{Connell06,
  title={The atomic force microscope as a tool for studying phase separation in lipid membranes (Review)},
  author={Connell, Simon D and Smith, D Alastair},
  journal={Molecular membrane biology},
  volume={23},
  number={1},
  pages={17--28},
  year={2006},
  publisher={Informa UK Ltd UK}
}

% READ IT.
@article{Copeland80,
title = "The rippled structure in bilayer membranes of phosphatidylcholine and binary mixtures of phosphatidylcholine and cholesterol ",
journal = "Biochimica et Biophysica Acta (BBA) - Biomembranes ",
volume = "599",
number = "1",
pages = "95 - 109",
year = "1980",
note = "",
issn = "0005-2736",
doi = "http://dx.doi.org/10.1016/0005-2736(80)90059-0",
url = "http://www.sciencedirect.com/science/article/pii/0005273680900590",
author = "Bruce R. Copeland and Harden M. McConnell",
keywords = "Rippled structure",
keywords = "Cholesterol",
keywords = "Pretransition",
keywords = "Freeze-fracture electron microscopy",
keywords = "Phosphatidylcholine",
keywords = "(Bilayer membrane) "
}

% READ IT
@article{Cunningham98,
  title={Ripple phase formation in phosphatidylcholine: Effect of acyl chain relative length, position, and unsaturation},
  author={Cunningham, Beth A and Brown, Ari-David and Wolfe, David H and Williams, W Patrick and Brain, Anthony},
  journal={Physical Review E},
  volume={58},
  number={3},
  pages={3662},
  year={1998},
  publisher={APS}
}

@misc{cxro,
  note = {http://henke.lbl.gov/optical\_constants},
}

% READ IT
@article{Czajkowsky95,
  title={Ripple phase in asymmetric unilamellar bilayers with saturated and unsaturated phospholipids},
  author={Czajkowsky, Daniel M and Huang, C and Shao, Zhifeng},
  journal={Biochemistry},
  volume={34},
  number={39},
  pages={12501--12505},
  year={1995},
  publisher={ACS Publications}
}

@article{Dahbi06,
title = "A long ripple phase in DLPC–decylglucoside mixture evidenced by synchrotron \{SAXS\} coupled to \{DSC\} ",
journal = "Chemistry and Physics of Lipids ",
volume = "139",
number = "1",
pages = "43 - 53",
year = "2006",
note = "",
issn = "0009-3084",
doi = "http://dx.doi.org/10.1016/j.chemphyslip.2005.10.002",
url = "http://www.sciencedirect.com/science/article/pii/S0009308405001477",
author = "Louisa Dahbi and Michal Arbel-Haddad and Pierre Lesieur and Claudie Bourgaux and Michel Ollivon",
keywords = "Phosphatidylcholine",
keywords = "Alkylglucoside",
keywords = "Detergent",
keywords = "Micelle–vesicle transition",
keywords = "Calorimetry",
keywords = "{X-ray} diffraction "
}

@article{Debnath09,
author = {Debnath, Ananya and Ayappa, K. G. and Kumaran, V. and Maiti, Prabal K.},
title = {The Influence of Bilayer Composition on the Gel to Liquid Crystalline Transition},
journal = {The Journal of Physical Chemistry B},
volume = {113},
number = {31},
pages = {10660-10668},
year = {2009},
doi = {10.1021/jp901551d},
note ={PMID: 19594148},

URL = {http://pubs.acs.org/doi/abs/10.1021/jp901551d},
eprint = {http://pubs.acs.org/doi/pdf/10.1021/jp901551d}
}

% READ IT
@article{deVries05,
author = {de Vries, Alex H. and Yefimov, Serge and Mark, Alan E. and Marrink, Siewert J.}, 
title = {Molecular structure of the lecithin ripple phase},
volume = {102}, 
number = {15}, 
pages = {5392-5396}, 
year = {2005}, 
doi = {10.1073/pnas.0408249102}, 
abstract ={Molecular dynamics simulations of lecithin lipid bilayers in water as they are cooled from the liquid crystalline phase show the spontaneous formation of rippled bilayers. The ripple consists of two domains of different length and orientation, connected by a kink. The organization of the lipids in one domain of the ripple is found to be that of a splayed gel; in the other domain the lipids are gel-like and fully interdigitated. In the concave part of the kink region between the domains the lipids are disordered. The results are consistent with the experimental information available and provide an atomic-level model that may be tested by further experiments.}, 
URL = {http://www.pnas.org/content/102/15/5392.abstract}, 
eprint = {http://www.pnas.org/content/102/15/5392.full.pdf+html}, 
journal = {Proceedings of the National Academy of Sciences } 
}

@article{Doniach79,
   author = "Doniach, S.",
   title = "A thermodynamic model for the monoclinic (ripple) phase of hydrated phospholipid bilayers",
   journal = "The Journal of Chemical Physics",
   year = "1979",
   volume = "70",
   number = "10", 
   eid = "",
   pages = "4587-4596",
   url = "http://scitation.aip.org/content/aip/journal/jcp/70/10/10.1063/1.437292",
   doi = "http://dx.doi.org/10.1063/1.437292" 
}

@article{Dowhan97,
  title={Molecular basis for membrane phospholipid diversity: why are there so many lipids?},
  author={Dowhan, W},
  journal={Annual review of biochemistry},
  volume={66},
  number={1},
  pages={199--232},
  year={1997},
  publisher={Annual Reviews 4139 El Camino Way, PO Box 10139, Palo Alto, CA 94303-0139, USA}
}

@article{Fahey78,
  title={Lateral diffusion in phospholipid bilayer membranes and multilamellar liquid crystals},
  author={Fahey, P F and Webb, W W},
  journal={Biochemistry},
  volume={17},
  number={15},
  pages={3046--3053},
  year={1978},
  publisher={ACS Publications}
}

@article{Goldstein88,
  title={Model for lamellar phases of interacting lipid membranes},
  author={Goldstein, Raymond E and Leibler, Stanislas},
  journal={Physical Review Letters},
  volume={61},
  number={19},
  pages={2213},
  year={1988},
  publisher={APS}
}

@article{Guler09,
  title={Effects of ether vs. ester linkage on lipid bilayer structure and water permeability},
  author={Guler, S and Ghosh, D Dipon and Pan, Jianjun and Mathai, John C and Zeidel, Mark L and Nagle, John F and Tristram-Nagle, Stephanie},
  journal={Chemistry and Physics of Lipids},
  volume={160},
  number={1},
  pages={33--44},
  year={2009},
  publisher={Elsevier}
}

% Only 0.3 nm amplitude observed, the authors call it the ripple phase, but I
% disagree. Not really relevant to my work, but should check references to 
% make sure I haven't missed any important past papers.
@article{Harb13,
  title={Ripple formation in unilamellar-supported lipid bilayer revealed by FRAPP},
  author={Harb, Fr{\'e}d{\'e}ric and Simon, Anne and Tinland, Bernard},
  journal={The European Physical Journal E},
  volume={36},
  number={12},
  pages={1--7},
  year={2013},
  publisher={Springer}
}

@article{Hawton86,
  title={{van der Waals} energy of lecithins in the ripple phase},
  author={Hawton, M H and Keeler, W J},
  journal={Physical Review A},
  volume={33},
  number={5},
  pages={3333},
  year={1986},
  publisher={APS}
}

% Model, assuming chain melting. Does not seem important at the moment.
@article{Heimburg00,
  title={A model for the lipid pretransition: coupling of ripple formation with the chain-melting transition},
  author={Heimburg, Thomas},
  journal={Biophysical Journal},
  volume={78},
  number={3},
  pages={1154--1165},
  year={2000},
  publisher={Elsevier}
}

% READ IT AGAIN
@article{Hentschel91,
  title = {Structure of the Ripple Phase {$P_{\beta'}$} in Hydrated Phosphatidylcholine Multimembranes},
  author = {Hentschel, M. P. and Rustichelli, F.},
  journal = {Physical Review Letters},
  volume = {66},
  issue = {7},
  pages = {903--906},
  numpages = {0},
  year = {1991},
  month = {Feb},
  publisher = {American Physical Society},
  doi = {10.1103/PhysRevLett.66.903},
  url = {http://link.aps.org/doi/10.1103/PhysRevLett.66.903}
}

@article{Honda91,
  title={Theory on Formation of the Ripple Phase in Bilayer Membranes},
  author={Honda, Katsuya and Kimura, Hatsuo},
  journal={Journal of the Physical Society of Japan},
  volume={60},
  number={4},
  pages={1212--1215},
  year={1991},
  publisher={The Physical Society of Japan}
}

% READ IT
@article{Janiak76,
author = {Janiak, Martin J. and Small, Donald M. and Shipley, G. Graham},
title = {Nature of the thermal pretransition of synthetic phospholipids: dimyristoyl- and dipalmitoyllecithin},
journal = {Biochemistry},
volume = {15},
number = {21},
pages = {4575-4580},
year = {1976},
doi = {10.1021/bi00666a005},

URL = {http://pubs.acs.org/doi/abs/10.1021/bi00666a005},
eprint = {http://pubs.acs.org/doi/pdf/10.1021/bi00666a005}
}

% READ IT
@article{Janiak79,
  title={Temperature and compositional dependence of the structure of hydrated dimyristoyl lecithin.},
  author={Janiak, Martin J and Small, Donald M and Shipley, G Graham},
  journal={Journal of Biological Chemistry},
  volume={254},
  number={13},
  pages={6068--6078},
  year={1979},
  publisher={ASBMB}
}

@article{Kamal11,
  title={Theory of the asymmetric ripple phase in achiral lipid membranes},
  author={Kamal, Md Arif and Pal, Antara and Raghunathan, V A and Rao, Madan},
  journal={Europhysics Letters},
  volume={95},
  number={4},
  pages={48004},
  year={2011},
  publisher={IOP Publishing}
}

% READ IT.
@article{Kamal12,
  title={Phase behavior of two-component lipid membranes: Theory and experiments},
  author={Kamal, Md Arif and Pal, Antara and Raghunathan, V A and Rao, Madan},
  journal={Physical Review E},
  volume={85},
  number={5},
  pages={051701},
  year={2012},
  publisher={APS}
}

@article{Kamal12_SM,
  title={Modulated phases of lipid membranes induced by sterol derivatives},
  author={Kamal, Md Arif and Pal, Antara and Raghunathan, V A},
  journal={Soft Matter},
  volume={8},
  number={46},
  pages={11600--11603},
  year={2012},
  publisher={Royal Society of Chemistry}
}

% Interesting, different type of ripple phase induced by cholesterol.
% Probably nice to comment in Introduction.
@article{Karmakar03,
  title={Cholesterol-induced modulated phase in phospholipid membranes},
  author={Karmakar, Sanat and Raghunathan, V A},
  journal={Physical Review Letters},
  volume={91},
  number={9},
  pages={098102},
  year={2003},
  publisher={APS}
}

@article{Karmakar05,
  title={Structure of phospholipid-cholesterol membranes: An {X-ray} diffraction study},
  author={Karmakar, Sanat and Raghunathan, V A},
  journal={Physical Review E},
  volume={71},
  number={6},
  pages={061924\_1--061924\_10},
  year={2005},
  publisher={The American Physical Society}
}

% AFM. READ IT
@article{Kaasgaard03,
  title={Temperature-controlled structure and kinetics of ripple phases in one-and two-component supported lipid bilayers},
  author={Kaasgaard, Thomas and Leidy, Chad and Crowe, John H and Mouritsen, Ole G and J{\o}rgensen, Kent},
  journal={Biophysical Journal},
  volume={85},
  number={1},
  pages={350--360},
  year={2003},
  publisher={Elsevier}
}

% READ IT
@article{Katsaras95,
  title = {Molecular Chirality and the “Ripple” Phase of Phosphatidylcholine Multibilayers},
  author = {Katsaras, J. and Raghunathan, V. A.},
  journal = {Physical Review Letters},
  volume = {74},
  issue = {11},
  pages = {2022--2025},
  numpages = {0},
  year = {1995},
  month = {Mar},
  publisher = {American Physical Society},
  doi = {10.1103/PhysRevLett.74.2022},
  url = {http://link.aps.org/doi/10.1103/PhysRevLett.74.2022}
}

% READ IT
@article{Katsaras00,
  title={Clarification of the ripple phase of lecithin bilayers using fully hydrated, aligned samples},
  author={Katsaras, John and Tristram-Nagle, Stephanie and Liu, Yufeng and Headrick, RL and Fontes, E and Mason, PC and Nagle, John F},
  journal={Physical Review E},
  volume={61},
  number={5},
  pages={5668},
  year={2000},
  publisher={APS}
}

@article{Kiselev06,
year={2006},
issn={0175-7571},
journal={European Biophysics Journal},
volume={35},
number={6},
doi={10.1007/s00249-006-0055-9},
title={What can we learn about the lipid vesicle structure from the small-angle neutron scattering experiment?},
url={http://dx.doi.org/10.1007/s00249-006-0055-9},
publisher={Springer-Verlag},
keywords={Phospholipids; Lipid membrane; Vesicles; Small-angle neutron scattering},
author={Kiselev, M. A. and Zemlyanaya, E. V. and Aswal, V. K. and Neubert, R.H. H.},
pages={477-493},
language={English}
}

@article{Koynova96,
title = "Metastable rippled gel phase in saturated phosphatidylcholines: calorimetric and densitometric characterization ",
journal = "Biochimica et Biophysica Acta (BBA) - Biomembranes ",
volume = "1285",
number = "1",
pages = "101 - 108",
year = "1996",
note = "",
issn = "0005-2736",
doi = "http://dx.doi.org/10.1016/S0005-2736(96)00155-1",
url = "http://www.sciencedirect.com/science/article/pii/S0005273696001551",
author = "Rumiana Koynova and Assen Koumanov and Boris Tenchov",
keywords = "Phase transition",
keywords = "Phospholipid",
keywords = "Polymorphism",
keywords = "Membrane",
keywords = "Scanning densitometry",
keywords = "\{DSC\} "
}

@article{Koynova,
  title={Transitions between lamellar and non-lamellar phases in membrane lipids and their physiological roles},
  author={Koynova, R and Tenchov, B}
}

@article{Ladbrooke69,
  title={Thermal analysis of lipids, proteins and biological membranes a review and summary of some recent studies},
  author={Ladbrooke, B D and Chapman, D},
  journal={Chemistry and Physics of Lipids},
  volume={3},
  number={4},
  pages={304--356},
  year={1969},
  publisher={Elsevier}
}

% AFM. READ IT
@article{Leidy02,
  title={Ripples and the formation of anisotropic lipid domains: imaging two-component supported double bilayers by atomic force microscopy},
  author={Leidy, Chad and Kaasgaard, Thomas and Crowe, John H and Mouritsen, Ole G and J{\o}rgensen, Kent},
  journal={Biophysical Journal},
  volume={83},
  number={5},
  pages={2625--2633},
  year={2002},
  publisher={Elsevier}
}

% READ IT
@article{Lenz07,
  title = {Structure of Symmetric and Asymmetric ``Ripple'' Phases in Lipid Bilayers},
  author = {Lenz, Olaf and Schmid, Friederike},
  journal = {Physical Review Letters},
  volume = {98},
  issue = {5},
  pages = {058104},
  numpages = {4},
  year = {2007},
  month = {Jan},
  publisher = {American Physical Society},
  doi = {10.1103/PhysRevLett.98.058104},
  url = {http://link.aps.org/doi/10.1103/PhysRevLett.98.058104}
}

% mixture of DPPC and something. surface tension important? READ IT.
@article{Li06,
  title={Coexisting stripe-and patch-shaped domains in giant unilamellar vesicles},
  author={Li, Li and Cheng, Ji-Xin},
  journal={Biochemistry},
  volume={45},
  number={39},
  pages={11819--11826},
  year={2006},
  publisher={ACS Publications}
}

@misc{lmfit,
  note = {http://cars9.uchicago.edu/software/python/lmfit/},
}

% READ IT
@article{Luna77,
  title={The intermediate monoclinic phase of phosphatidylcholines},
  author={Luna, Elizabeth J and McConnell, Harden M},
  journal={Biochimica et Biophysica Acta (BBA)-Biomembranes},
  volume={466},
  number={3},
  pages={381--392},
  year={1977},
  publisher={Elsevier}
}

% READ IT
@article{Lubensky93,
  title={Theory of “ripple” phases of lipid bilayers},
  author={Lubensky, T C and MacKintosh, F C},
  journal={Physical Review Letters},
  volume={71},
  number={10},
  pages={1565},
  year={1993},
  publisher={APS}
}

@article{Marder84,
  title={Theory of the intermediate rippled phase of phospholipid bilayers},
  author={Marder, M and Frisch, H L and Langer, J S and McConnell, H M},
  journal={Proceedings of the National Academy of Sciences},
  volume={81},
  number={20},
  pages={6559--6561},
  year={1984},
  publisher={National Acad Sciences}
}

@article{Marsh80,
  title={Molecular motion in phospholipid bilayers in the gel phase: long axis rotation},
  author={Marsh, Derek},
  journal={Biochemistry},
  volume={19},
  number={8},
  pages={1632--1637},
  year={1980},
  publisher={ACS Publications}
}

% Any ripple?
@article{Marsh12,
  title={Lateral order in gel, subgel and crystalline phases of lipid membranes: Wide-angle {X-ray} scattering},
  author={Marsh, Derek},
  journal={Chemistry and Physics of Lipids},
  volume={165},
  number={1},
  pages={59--76},
  year={2012},
  publisher={Elsevier}
}

%unilamellar vesicle? READ IT
@article{Mason99,
  title={Small angle neutron scattering and calorimetric studies of large unilamellar vesicles of the phospholipid dipalmitoylphosphatidylcholine},
  author={Mason, P C and Gaulin, B D and Epand, R M and Wignall, G D and Lin, J S},
  journal={Physical Review E},
  volume={59},
  number={3},
  pages={3361},
  year={1999},
  publisher={APS}
}

% READ IT
@article{Mason99_2,
  title={Small-angle scattering studies of the fully hydrated phospholipid {DPPC}},
  author={Mason, P C and Gaulin, B D and Epand, R M and Wignall, G D and Lin, J S},
  journal={Physical Review E},
  volume={59},
  number={1},
  pages={921},
  year={1999},
  publisher={APS}
}

@article{Mason01,
  title={Anomalous swelling in phospholipid bilayers is not coupled to the formation of a ripple phase},
  author={Mason, P C and Nagle, J F and Epand, R M and Katsaras, J},
  journal={Physical Review E},
  volume={63},
  number={3},
  pages={030902},
  year={2001},
  publisher={APS}
}

@article{Mcintosh80,
  title={Differences in hydrocarbon chain tilt between hydrated phosphatidylethanolamine and phosphatidylcholine bilayers. A molecular packing model},
  author={McIntosh, T J},
  journal={Biophysical Journal},
  volume={29},
  number={2},
  pages={237--245},
  year={1980},
  publisher={Elsevier}
}

@article{Mccullough90,
  title = {Statistical-Mechanical Theory of the Ripple Phase of Lipid Bilayers},
  author = {McCullough, W. Scott and Scott, H. L.},
  journal = {Physical Review Letters},
  volume = {65},
  issue = {7},
  pages = {931--934},
  numpages = {0},
  year = {1990},
  month = {Aug},
  publisher = {American Physical Society},
  doi = {10.1103/PhysRevLett.65.931},
  url = {http://link.aps.org/doi/10.1103/PhysRevLett.65.931}
}


@article{Miller08,
  title={Probing the local order of single phospholipid membranes using grazing incidence {X-ray} diffraction},
  author={Miller, C E and Majewski, J and Watkins, E B and Mulder, D J and Gog, T and Kuhl, T L},
  journal={Physical Review Letters},
  volume={100},
  number={5},
  pages={058103},
  year={2008},
  publisher={APS}
}

@article{Mills08,
  title={Order parameters and areas in fluid-phase oriented lipid membranes using wide angle {X-ray} scattering},
  author={Mills, Thalia T and Toombes, Gilman ES and Tristram-Nagle, Stephanie and Smilgies, Detlef-M and Feigenson, Gerald W and Nagle, John F},
  journal={Biophysical Journal},
  volume={95},
  number={2},
  pages={669--681},
  year={2008},
  publisher={Elsevier}
}

@article{Misbah98,
  title={Transition to ripple phases in hydrated amphiphiles},
  author={Misbah, C and Duplat, J and Houchmandzadeh, B},
  journal={Physical Review Letters},
  volume={80},
  number={20},
  pages={4598},
  year={1998},
  publisher={APS}
}

@article{Mortensen88,
  title={Structural properties of a phosphatidylcholine-cholesterol system as studied by small-angle neutron scattering: ripple structure and phase diagram},
  author={Mortensen, Kell and Pfeiffer, Walter and Sackmann, Erich and Knoll, Wolfgang},
  journal={Biochimica et Biophysica Acta (BBA)-Biomembranes},
  volume={945},
  number={2},
  pages={221--245},
  year={1988},
  publisher={Elsevier}
}

@article{Nagle00,
title = "Structure of lipid bilayers ",
journal = "Biochimica et Biophysica Acta (BBA) - Reviews on Biomembranes ",
volume = "1469",
number = "3",
pages = "159 - 195",
year = "2000",
note = "",
issn = "0304-4157",
doi = "http://dx.doi.org/10.1016/S0304-4157(00)00016-2",
url = "http://www.sciencedirect.com/science/article/pii/S0304415700000162",
author = "John F. Nagle and Stephanie Tristram-Nagle",
keywords = "Lipid bilayer",
keywords = "{X-ray} diffraction",
keywords = "Structure determination",
keywords = "Fluctuation",
keywords = "Hydration",
keywords = "Interaction "
}

@article{Nagle76,
year={1976},
issn={0022-2631},
journal={The Journal of Membrane Biology},
volume={27},
number={1},
doi={10.1007/BF01869138},
title={Theory of lipid monolayer and bilayer phase transitions: Effect of headgroup interactions},
url={http://dx.doi.org/10.1007/BF01869138},
publisher={Springer-Verlag},
author={Nagle, J.F.},
pages={233-250},
language={English}
}

@article{Nagle80,
Author = {Nagle, John F},
Title = {THEORY OF THE MAIN LIPID BILAYER PHASE-TRANSITION},
Journal = {Annual Review of Physical Chemistry},
Year = {{1980}},
Volume = {{31}},
Pages = {{157-195}},
Publisher = {{ANNUAL REVIEWS INC}},
Address = {{4139 EL CAMINO WAY, PO BOX 10139, PALO ALTO, CA 94303-0139}},
Type = {{Review}},
Language = {{English}},
Affiliation = {{NAGLE, JF (Reprint Author), CARNEGIE MELLON UNIV,DEPT PHYS,PITTSBURGH,PA 15213, USA.
   CARNEGIE MELLON UNIV,DEPT BIOL SCI,PITTSBURGH,PA 15213.}},
DOI = {{10.1146/annurev.pc.31.100180.001105}},
ISSN = {{0066-426X}},
Research-Areas = {{Chemistry}},
Web-of-Science-Categories  = {{Chemistry, Physical}},
Number-of-Cited-References = {{134}},
Times-Cited = {{412}},
Journal-ISO = {{Annu. Rev. Phys. Chem.}},
Doc-Delivery-Number = {{KN780}},
Unique-ID = {{ISI:A1980KN78000007}},
}

% READ IT
@article{Pabst04,
  title={Structure and fluctuations of phosphatidylcholines in the vicinity of the main phase transition},
  author={Pabst, G and Amenitsch, H and Kharakoz, D P and Laggner, P and Rappolt, M},
  journal={Physical Review E},
  volume={70},
  number={2},
  pages={021908},
  year={2004},
  publisher={APS}
}

@article{Parente84,
  title={Phase behavior of large unilamellar vesicles composed of synthetic phospholipids},
  author={Parente, Roberta A and Lentz, Barry R},
  journal={Biochemistry},
  volume={23},
  number={11},
  pages={2353--2362},
  year={1984},
  publisher={ACS Publications}
}

@article{Potekhin08,
title = "High pressure effect on the main transition from the ripple gel P′β phase to the liquid crystal (Lα) phase in dipalmitoylphosphatidylcholine. Microcalorimetric study ",
journal = "Biochimica et Biophysica Acta (BBA) - Biomembranes ",
volume = "1778",
number = "11",
pages = "2588 - 2593",
year = "2008",
note = "",
issn = "0005-2736",
doi = "http://dx.doi.org/10.1016/j.bbamem.2008.08.001",
url = "http://www.sciencedirect.com/science/article/pii/S0005273608002368",
author = "S.A. Potekhin and A.A. Senin and N.N. Abdurakhmanov and R.S. Khusainova",
keywords = "High pressure microcalorimetry",
keywords = "{DPPC} belayer membrane",
keywords = "main phase transition",
keywords = "isothermal compressibility",
keywords = "isobaric thermal expansibility "
}

@article{Rappolt96,
year={1996},
issn={0175-7571},
journal={European Biophysics Journal},
volume={24},
number={6},
doi={10.1007/BF00576710},
title={Structure of the stable and metastable ripple phase of dipalmitoylphosphatidylcholine},
url={http://dx.doi.org/10.1007/BF00576710},
publisher={Springer-Verlag},
keywords={{X-ray} diffraction; Ripple phase; Lecithin; Martensitic transformation; Membrane},
author={Rappolt, Michael and Rapp, Gert},
pages={381-386},
language={English}
}

% READ IT
@article{Rappolt00,
year={2000},
issn={0175-7571},
journal={European Biophysics Journal},
volume={29},
number={2},
doi={10.1007/s002490050257},
title={New evidence for gel-liquid crystalline phase coexistence in the ripple phase of phosphatidylcholines},
url={http://dx.doi.org/10.1007/s002490050257},
publisher={Springer-Verlag},
keywords={Key words Phosphatidylcholine; Temperature jump; Small-angle {X-ray} scattering; Wide-angle {X-ray} scattering; Sodium chloride},
author={Rappolt, Michael and Pabst, Georg and Rapp, Gert and Kriechbaum, Manfred and Amenitsch, Heinz and Krenn, Christian and Bernstorff, Sigrid and Laggner, Peter},
pages={125-133},
language={English}
}

% READ IT
@article{Rifici11,
  title={Effects of a short length alcohol on the dimyristoylphosphatidylcholine system},
  author={Rifici, Simona and Crupi, Cristina and D’Angelo, Giovanna and Di Marco, G and Sabatino, Giuseppe and Conti Nibali, V and Trimarchi, Antonio and Wanderlingh, Ulderico},
  journal={Philosophical Magazine},
  volume={91},
  number={13-15},
  pages={2014--2020},
  year={2011},
  publisher={Taylor \& Francis}
}

% READ IT
@article{Riske09,
title = "Lipid bilayer pre-transition as the beginning of the melting process ",
journal = "Biochimica et Biophysica Acta (BBA) - Biomembranes ",
volume = "1788",
number = "5",
pages = "954 - 963",
year = "2009",
note = "",
issn = "0005-2736",
doi = "http://dx.doi.org/10.1016/j.bbamem.2009.01.007",
url = "http://www.sciencedirect.com/science/article/pii/S000527360900011X",
author = "Karin A. Riske and Rafael P. Barroso and Cíntia C. Vequi-Suplicy and Renato Germano and Vera B. Henriques and M. Teresa Lamy",
keywords = "Ripple phase",
keywords = "\{DSC\}",
keywords = "\{ESR\}",
keywords = "Laurdan fluorescence",
keywords = "Statistical model",
keywords = "Monte Carlo simulations ",
}

@article{Ruppel83,
  title={On defects in different phases of two-dimensional lipid bilayers},
  author={Ruppel, D and Sackmann, E},
  journal={Journal de Physique},
  volume={44},
  number={9},
  pages={1025--1034},
  year={1983},
  publisher={Soci{\'e}t{\'e} fran{\c{c}}aise de physique}
}

@inproceedings{Schmid14,
  title={On ripples and rafts: Curvature induced nanoscale structures in lipid membranes},
  author={Schmid, Friederike and Dolezel, Stefan and Lenz, Olaf and Meinhardt, Sebastian},
  booktitle={Journal of Physics Conference Series},
  volume={487},
  number={1},
  pages={2004},
  year={2014}
}

@article{Scott84,
   author = "Scott, H. L.",
   title = "Monte Carlo studies of a general model for lipid bilayer condensed phases",
   journal = "The Journal of Chemical Physics",
   year = "1984",
   volume = "80",
   number = "5", 
   pages = "2197-2202",
   url = "http://scitation.aip.org/content/aip/journal/jcp/80/5/10.1063/1.446908",
   doi = "http://dx.doi.org/10.1063/1.446908" 
}

% READ IT
@article{Sengupta99,
  title={Structure of the ripple phase in chiral and racemic dimyristoylphosphatidylcholine multibilayers},
  author={Sengupta, Kheya and Raghunathan, VA and Katsaras, John},
  journal={Physical Review E},
  volume={59},
  number={2},
  pages={2455},
  year={1999},
  publisher={APS}
}

% READ IT
@article{Sengupta00,
  title={Novel structural features of the ripple phase of phospholipids},
  author={Sengupta, Kheya and Raghunathan, VA and Katsaras, John},
  journal={Europhysics Letters},
  volume={49},
  number={6},
  pages={722},
  year={2000},
  publisher={IOP Publishing}
}

% READ IT
@article{Sengupta01,
  title={Role of tilt order in the asymmetric ripple phase of phospholipid bilayers},
  author={Sengupta, Kheya and Raghunathan, VA and Hatwalne, Yashodhan},
  journal={Physical Review Letters},
  volume={87},
  number={5},
  pages={055705\_1--055705\_4},
  year={2001},
  publisher={The American Physical Society}
}

% READ IT
@article{Sengupta03,
  title = {Structure of the ripple phase of phospholipid multibilayers},
  author = {Sengupta, Kheya and Raghunathan, V. A. and Katsaras, John},
  journal = {Physical Review E},
  volume = {68},
  issue = {3},
  pages = {031710},
  numpages = {12},
  year = {2003},
  month = {Sep},
  publisher = {American Physical Society},
  doi = {10.1103/PhysRevE.68.031710},
  url = {http://link.aps.org/doi/10.1103/PhysRevE.68.031710}
}

% AFM. READ IT
@article{Schafer08,
  title={Atomic force microscopy study of thick lamellar stacks of phospholipid bilayers},
  author={Sch{\"a}fer, Arne and Salditt, Tim and Rheinst{\"a}dter, Maikel C},
  journal={Physical Review E},
  volume={77},
  number={2},
  pages={021905},
  year={2008},
  publisher={APS}
}

% READ IT
@article{Schneider83,
  title={Fast diffusion along defects and corrugations in phospholipid {$P_{\beta'}$}, liquid crystals},
  author={Schneider, Marilyn B and Chan, WINSTON K and Webb, Watt W},
  journal={Biophysical Journal},
  volume={43},
  number={2},
  pages={157--165},
  year={1983},
  publisher={Elsevier}
}

@article{Smith88,
  title = {Structure of the {$L_{\beta'}$} phases in a hydrated phosphatidylcholine multimembrane},
  author = {Smith, G. S. and Sirota, E. B. and Safinya, C. R. and Clark, N. A.},
  journal = {Physical Review Letters},
  volume = {60},
  issue = {9},
  pages = {813--816},
  numpages = {0},
  year = {1988},
  month = {Feb},
  publisher = {American Physical Society},
  doi = {10.1103/PhysRevLett.60.813},
  url = {http://link.aps.org/doi/10.1103/PhysRevLett.60.813}
}

@article{Sun94,
  title = {Order and disorder in fully hydrated unoriented bilayers of gel-phase dipalmitoylphosphatidylcholine},
  author = {Sun, W. J. and Suter, R. M. and Knewtson, M. A. and Worthington, C. R. and Tristram-Nagle, S. and Zhang, R. and Nagle, J. F.},
  journal = {Physical Review E},
  volume = {49},
  issue = {5},
  pages = {4665--4676},
  numpages = {0},
  year = {1994},
  month = {May},
  publisher = {American Physical Society},
  doi = {10.1103/PhysRevE.49.4665},
  url = {http://link.aps.org/doi/10.1103/PhysRevE.49.4665}
}

@article{Sun96,
author = {Sun, W J and Tristram-Nagle, S and Suter, R M and Nagle, J F}, 
title = {Structure of the ripple phase in lecithin bilayers},
volume = {93}, 
number = {14}, 
pages = {7008-7012}, 
year = {1996}, 
URL = {http://www.pnas.org/content/93/14/7008.abstract}, 
eprint = {http://www.pnas.org/content/93/14/7008.full.pdf+html}, 
journal = {Proceedings of the National Academy of Sciences} 
}

% READ IT
@article{Tardieu73,
title = "Structure and polymorphism of the hydrocarbon chains of lipids: A study of lecithin-water phases ",
journal = "Journal of Molecular Biology ",
volume = "75",
number = "4",
pages = "711 - 733",
year = "1973",
note = "",
issn = "0022-2836",
doi = "http://dx.doi.org/10.1016/0022-2836(73)90303-3",
url = "http://www.sciencedirect.com/science/article/pii/0022283673903033",
author = "A. Tardieu and Vittorio Luzzati and F.C. Reman"
}

@article{Trauble71,
title = "The volume change in lipid bilayer lamellae at the crystalline-liquid crystalline phase transition ",
journal = "Chemistry and Physics of Lipids ",
volume = "7",
number = "4",
pages = "324 - 335",
year = "1971",
note = "",
issn = "0009-3084",
doi = "http://dx.doi.org/10.1016/0009-3084(71)90010-7",
url = "http://www.sciencedirect.com/science/article/pii/0009308471900107",
author = "Hermann Träuble and Duncan H. Haynes"
}

@article{Tristram93,
  title={Measurement of chain tilt angle in fully hydrated bilayers of gel phase lecithins},
  author={Tristram-Nagle, S and Zhang, R and Suter, R M and Worthington, C R and Sun, W J and Nagle, J F},
  journal={Biophysical Journal},
  volume={64},
  number={4},
  pages={1097--1109},
  year={1993},
  publisher={Elsevier}
}

@article{Tristram99,
  title={Polymorphism in myristoylpalmitoylphosphatidylcholine},
  author={Tristram-Nagle, Stephanie and Isaacson, Yisrael and Lyatskaya, Yulia and Liu, Yufeng and Brummond, Kay and Katsaras, John and Nagle, John F},
  journal={Chemistry and Physics of Lipids},
  volume={100},
  number={1},
  pages={101--113},
  year={1999},
  publisher={Elsevier}
}

@article{Tristram02,
title = {Structure of Gel Phase {DMPC} Determined by {X-ray} Diffraction},
journal = {Biophysical Journal},
volume = {83},
number = {6},
pages = {3324 - 3335},
year = {2002},
note = {},
issn = {0006-3495},
doi = {http://dx.doi.org/10.1016/S0006-3495(02)75333-2},
url = {http://www.sciencedirect.com/science/article/pii/S0006349502753332},
author = {Stephanie Tristram-Nagle and Yufeng Liu and Justin Legleiter and John F. Nagle},
}

@article{Tristram07,
   Author = {Tristram-Nagle, S. A.},
   Title = {Preparation of oriented, fully hydrated lipid samples for structure determination using {X-ray} scattering},
   Journal = {Methods of Molecular Biology},
   Volume = {400},
   Pages = {63-75},
   Year = {2007} 
}

@article{Vineyard82,
  title={Grazing-incidence diffraction and the distorted-wave approximation for the study of surfaces},
  author={Vineyard, George H},
  journal={Physical Review B},
  volume={26},
  number={8},
  pages={4146},
  year={1982},
  publisher={APS}
}

% READ IT
@article{Wack89,
  title = {Synchrotron {X-ray} study of the modulated lamellar phase {$P_{\beta'}$} in the lecithin-water system},
  author = {Wack, Daniel C. and Webb, Watt W.},
  journal = {Physical Review A},
  volume = {40},
  issue = {5},
  pages = {2712--2730},
  numpages = {0},
  year = {1989},
  month = {Sep},
  publisher = {American Physical Society},
  doi = {10.1103/PhysRevA.40.2712},
  url = {http://link.aps.org/doi/10.1103/PhysRevA.40.2712}
}

@book{Warren69,
  title={{X-ray} Diffraction},
  author={Warren, Bertram Eugene},
  year={1969},
  publisher={Courier Dover Publications}
}

@article{Watkins11,
  title={Membrane texture induced by specific protein binding and receptor clustering: active roles for lipids in cellular function},
  author={Watkins, EB and Miller, CE and Majewski, J and Kuhl, TL},
  journal={Proceedings of the National Academy of Sciences},
  volume={108},
  number={17},
  pages={6975--6980},
  year={2011},
  publisher={National Acad Sciences}
}

@article{Watkins14,
author = {Watkins, Erik B. and Miller, Chad E. and Liao, Wei-Po and Kuhl, Tonya L.},
title = {Equilibrium or Quenched: Fundamental Differences between Lipid Monolayers, Supported Bilayers, and Membranes},
journal = {ACS Nano},
volume = {8},
number = {4},
pages = {3181-3191},
year = {2014},
doi = {10.1021/nn4052953},

URL = {http://pubs.acs.org/doi/abs/10.1021/nn4052953},
eprint = {http://pubs.acs.org/doi/pdf/10.1021/nn4052953}
}

@article{Wiener89,
title = "Structure of the fully hydrated gel phase of dipalmitoylphosphatidylcholine ",
journal = "Biophysical Journal ",
volume = "55",
number = "2",
pages = "315 - 325",
year = "1989",
note = "",
issn = "0006-3495",
doi = "http://dx.doi.org/10.1016/S0006-3495(89)82807-3",
url = "http://www.sciencedirect.com/science/article/pii/S0006349589828073",
author = "M. C. Wiener and R. M. Suter and J. F. Nagle"
}

% READ IT
@article{Wittebort81,
  title={Solid-state carbon-13 nuclear magnetic resonance of the lecithin gel to liquid-crystalline phase transition},
  author={Wittebort, RJ and Schmidt, CF and Griffin, RG},
  journal={Biochemistry},
  volume={20},
  number={14},
  pages={4223--4228},
  year={1981},
  publisher={ACS Publications}
}

@article{Woodward96,
  title={Amplitude, wave form, and temperature dependence of bilayer ripples in the {$P_{\beta'}$} phase},
  author={Woodward IV, JT and Zasadzinski, JA},
  journal={Physical Review E},
  volume={53},
  number={4},
  pages={R3044},
  year={1996},
  publisher={APS}
}

% STM. READ IT
@article{Woodward97,
  title={High-resolution scanning tunneling microscopy of fully hydrated ripple-phase bilayers},
  author={Woodward IV, JT and Zasadzinski, JA},
  journal={Biophysical Journal},
  volume={72},
  number={2},
  pages={964--976},
  year={1997},
  publisher={Elsevier}
}

@article{Worthington73,
title = "Direct Structure Determination of Multilayered Membrane-Type Systems Which Contain Fluid Layers ",
journal = "Biophysical Journal ",
volume = "13",
number = "5",
pages = "480 - 494",
year = "1973",
note = "",
issn = "0006-3495",
doi = "http://dx.doi.org/10.1016/S0006-3495(73)86001-1",
url = "http://www.sciencedirect.com/science/article/pii/S0006349573860011",
author = "C.R. Worthington and G.I. King and T.J. McIntosh"
}

% READ IT
@article{Yang05,
  title={Modulated phase of phospholipids with a two-dimensional square lattice},
  author={Yang, Lin and Fukuto, Masafumi},
  journal={Physical Review E},
  volume={72},
  number={1},
  pages={010901},
  year={2005},
  publisher={APS}
}

@article{Yao91,
  title={Metastable ripple phase of fully hydrated dipalmitoylphosphatidylcholine as studied by small angle {X-ray} scattering},
  author={Yao, Haruhiko and Matuoka, Sinzi and Tenchov, Boris and Hatta, Ichiro},
  journal={Biophysical Journal},
  volume={59},
  number={1},
  pages={252--255},
  year={1991},
  publisher={Elsevier}
}

@article{Zasadzinski87,
  title={Ripple wavelength, amplitude, and configuration in lyotropic liquid crystals as a function of effective headgroup size},
  author={Zasadzinski, JAN and Schneider, MB},
  journal={Journal de Physique},
  volume={48},
  number={11},
  pages={2001--2011},
  year={1987},
  publisher={Soci{\'e}t{\'e} fran{\c{c}}aise de physique}
}

% STM. READ IT
@article{Zasadzinski88,
author = {Zasadzinski, JA and Schneir, J and Gurley, J and Elings, V and Hansma, PK}, 
title = {Scanning tunneling microscopy of freeze-fracture replicas of biomembranes},
volume = {239}, 
number = {4843}, 
pages = {1013-1015}, 
year = {1988}, 
doi = {10.1126/science.3344420}, 
abstract ={The high resolution of the scanning tunneling microscope (STM) makes it a potentially important tool for the study of biomaterials. Biological materials can be imaged with the STM by a procedure in which fluid, nonconductive biomaterials are replaced by rigid and highly conductive freeze-fracture replicas. The three-dimensional contours of the ripple phase of dimyristoylphosphatidylcholine bilayers were imaged with unprecedented resolution with commercial STMs and standard freeze-fracture techniques. Details of the ripple amplitude, asymmetry, and configuration unobtainable by electron microscopy or {X-ray} diffraction can be observed relatively easily with the STM.}, 
URL = {http://www.sciencemag.org/content/239/4843/1013.abstract}, 
eprint = {http://www.sciencemag.org/content/239/4843/1013.full.pdf}, 
journal = {Science} 
}

@article{Zhang95,
  title={Critical fluctuations in membranes},
  author={Zhang, Ruitian and Sun, W. J. and Tristram-Nagle, Stephanie and Headrick, R L and Suter, Robert M and Nagle, John F},
  journal={Physical Review Letters},
  volume={74},
  number={14},
  pages={2832},
  year={1995},
  publisher={APS}
}

%%%%%%%%%%%%%%%%%%%%%%%%%%%%%%%%%%%%%%%%%%%%%%%%%%%%%%%%%%%%%%%%%%%%%%%%%%%%%%%
%%%%%%%%%%%%%%%%%%%%%%%% Below are other references %%%%%%%%%%%%%%%%%%%%%%%%%%%
%%%%%%%%%%%%%%%%%%%%%%%%%%%%%%%%%%%%%%%%%%%%%%%%%%%%%%%%%%%%%%%%%%%%%%%%%%%%%%%
@article{Baker10,
author = {Baker, Jessy L. and Jimison, Leslie H. and Mannsfeld, Stefan and Volkman, Steven and Yin, Shong and Subramanian, Vivek and Salleo, Alberto and Alivisatos, A. Paul and Toney, Michael F.},
title = {Quantification of Thin Film Crystallographic Orientation Using {X-ray} Diffraction with an Area Detector},
journal = {Langmuir},
volume = {26},
number = {11},
pages = {9146-9151},
year = {2010},
doi = {10.1021/la904840q},
URL = {http://pubs.acs.org/doi/abs/10.1021/la904840q},
eprint = {http://pubs.acs.org/doi/pdf/10.1021/la904840q}
}

@article{Rodriguez-Navarro07,
author = "Rodriguez-Navarro, Alejandro B.",
title = "{Registering pole figures using an {X-ray} single-crystal diffractometer equipped with an area detector}",
journal = "Journal of Applied Crystallography",
year = "2007",
volume = "40",
number = "3",
pages = "631--634",
month = "Jun",
doi = {10.1107/S0021889807014574},
url = {http://dx.doi.org/10.1107/S0021889807014574},
}


























